<record><leader>00000cas a2200000 a 4500</leader><controlfield tag="001">8500395</controlfield><controlfield tag="008">820608c19829999kyudn ne      0   a0eng d</controlfield><datafield ind1=" " ind2=" " tag="010"><subfield code="a">sn 82002668 </subfield></datafield><datafield ind1=" " ind2=" " tag="040"><subfield code="a">NSD</subfield><subfield code="b">eng</subfield><subfield code="c">NSD</subfield><subfield code="d">KNP</subfield><subfield code="d">OCL</subfield><subfield code="d">OCLCQ</subfield><subfield code="d">KYUBL</subfield><subfield code="d">OCLCF</subfield><subfield code="d">OCLCO</subfield></datafield><datafield ind1=" " ind2=" " tag="012"><subfield code="m">1</subfield></datafield><datafield ind1="1" ind2=" " tag="022"><subfield code="a">0744-6837</subfield><subfield code="l">0744-6837</subfield><subfield code="2">1</subfield></datafield><datafield ind1="1" ind2=" " tag="029"><subfield code="a">AU@</subfield><subfield code="b">000025814249</subfield></datafield><datafield ind1=" " ind2=" " tag="032"><subfield code="a">033780</subfield><subfield code="b">USPS</subfield></datafield><datafield ind1=" " ind2=" " tag="037"><subfield code="b">Ashland Pub. Co., P.O. Box 311, Ashland, Ky 41101</subfield></datafield><datafield ind1=" " ind2=" " tag="042"><subfield code="a">nsdp</subfield></datafield><datafield ind1="0" ind2=" " tag="130"><subfield code="a">Daily independent (Ashland, Ky.)</subfield></datafield><datafield ind1=" " ind2="4" tag="222"><subfield code="a">The Daily independent</subfield><subfield code="b">(Ashland, Ky.)</subfield></datafield><datafield ind1="0" ind2="4" tag="245"><subfield code="a">The daily independent.</subfield></datafield><datafield ind1="3" ind2="0" tag="246"><subfield code="a">Sunday independent</subfield></datafield><datafield ind1=" " ind2=" " tag="260"><subfield code="a">Ashland, Ky. :</subfield><subfield code="b">Ashland Pub. Co.,</subfield><subfield code="c">1982-</subfield></datafield><datafield ind1=" " ind2=" " tag="300"><subfield code="a">v. :</subfield><subfield code="b">ill.</subfield></datafield><datafield ind1=" " ind2=" " tag="310"><subfield code="a">Daily (except Christmas)</subfield></datafield><datafield ind1="0" ind2=" " tag="362"><subfield code="a">Vol. 86, no. 74 (Mar. 1, 1982)-</subfield></datafield><datafield ind1=" " ind2=" " tag="500"><subfield code="a">On Sunday published as: Sunday independent.</subfield></datafield><datafield ind1=" " ind2=" " tag="580"><subfield code="a">Absorbed: Ashland daily commercial.</subfield></datafield><datafield ind1=" " ind2="4" tag="651"><subfield code="a">Ashland (Ky.)</subfield><subfield code="v">Newspapers.</subfield></datafield><datafield ind1=" " ind2="4" tag="651"><subfield code="a">Boyd County (Ky.)</subfield><subfield code="v">Newspapers.</subfield></datafield><datafield ind1=" " ind2="0" tag="651"><subfield code="a">Ashland (Ky.)</subfield><subfield code="x">Newspapers.</subfield></datafield><datafield ind1=" " ind2="0" tag="651"><subfield code="a">Boyd County (Ky.)</subfield><subfield code="x">Newspapers.</subfield></datafield><datafield ind1=" " ind2="7" tag="655"><subfield code="a">Newspapers.</subfield><subfield code="2">fast</subfield><subfield code="0">(OCoLC)fst01423814</subfield></datafield><datafield ind1=" " ind2="7" tag="651"><subfield code="a">Kentucky</subfield><subfield code="z">Ashland.</subfield><subfield code="2">fast</subfield><subfield code="0">(OCoLC)fst01219304</subfield></datafield><datafield ind1=" " ind2="7" tag="651"><subfield code="a">Kentucky</subfield><subfield code="z">Boyd County.</subfield><subfield code="2">fast</subfield><subfield code="0">(OCoLC)fst01209363</subfield></datafield><datafield ind1=" " ind2=" " tag="752"><subfield code="a">United States</subfield><subfield code="b">Kentucky</subfield><subfield code="c">Boyd</subfield><subfield code="d">Ashland.</subfield></datafield><datafield ind1="0" ind2="0" tag="780"><subfield code="t">Ashland daily independent</subfield><subfield code="w">(DLC)sn 86069614</subfield></datafield><datafield ind1="1" ind2="5" tag="780"><subfield code="t">Ashland daily commercial</subfield></datafield><datafield ind1=" " ind2=" " tag="936"><subfield code="a">May 4, 1982</subfield></datafield></record>